@article{1,
  title={Review on solving the forward problem in EEG source analysis},
  author={Hallez, Hans and Vanrumste, Bart and Grech, Roberta and Muscat, Joseph and De Clercq, Wim and Vergult, Anneleen and D'Asseler, Yves and Camilleri, Kenneth P and Fabri, Simon G and Van Huffel, Sabine and others},
  journal={Journal of neuroengineering and rehabilitation},
  volume={4},
  number={1},
  pages={1},
  year={2007},
  publisher={BioMed Central}
}

@ARTICLE{2, 
author={Y. Salu and L. G. Cohen and D. Rose and S. Sxato and C. Kufta and M. Hallett}, 
journal={IEEE Transactions on Biomedical Engineering}, 
title={An improved method for localizing electric brain dipoles}, 
year={1990}, 
volume={37}, 
number={7}, 
pages={699-705}, 
keywords={bioelectric phenomena;brain models;3-layer spherical model;closed formula;electric brain dipoles localisation;human sensorimotor cortex;iterations;least-squares procedure;noninvasive localization;scalp;Brain modeling;Electric variables measurement;Electrodes;Electroencephalography;Head;Helium;Humans;Mathematical model;Scalp;Uncertainty;Adult;Cerebral Cortex;Electric Conductivity;Electroencephalography;Humans;Male;Models, Neurological}, 
doi={10.1109/10.55680}, 
ISSN={0018-9294}, 
month={July},}


@article{3,
  title={Review on solving the inverse problem in EEG source analysis},
  author={Grech, Roberta and Cassar, Tracey and Muscat, Joseph and Camilleri, Kenneth P and Fabri, Simon G and Zervakis, Michalis and Xanthopoulos, Petros and Sakkalis, Vangelis and Vanrumste, Bart},
  journal={Journal of neuroengineering and rehabilitation},
  volume={5},
  number={1},
  pages={1},
  year={2008},
  publisher={BioMed Central}
}


@article{4,
  title={Estimation of in vivo brain-to-skull conductivity ratio in humans},
  author={Zhang, Yingchun and Van Drongelen, Wim and He, Bin},
  journal={Applied physics letters},
  volume={89},
  number={22},
  pages={223903},
  year={2006},
  publisher={AIP Publishing}
}