@article{15,
  title={Independent component analysis: algorithms and applications},
  author={Hyv{\"a}rinen, Aapo and Oja, Erkki},
  journal={Neural networks},
  volume={13},
  number={4},
  pages={411--430},
  year={2000},
  publisher={Elsevier}
}

@article{17,
  title={Robust Independent Component Analysis},
  author={Hubert, M and Brys, G and Rousseeuw, P}
}


@article{16,
  title={Tissue segmentation and classification of MRSI data using canonical correlation analysis},
  author={Laudadio, Teresa and Pels, Pieter and De Lathauwer, Lieven and Van Hecke, Paul and Van Huffel, Sabine},
  journal={Magnetic Resonance in Medicine},
  volume={54},
  number={6},
  pages={1519--1529},
  year={2005},
  publisher={Wiley Online Library}
}

@ARTICLE{18, 
author={W. De Clercq and A. Vergult and B. Vanrumste and W. Van Paesschen and S. Van Huffel}, 
journal={IEEE Transactions on Biomedical Engineering}, 
title={Canonical Correlation Analysis Applied to Remove Muscle Artifacts From the Electroencephalogram}, 
year={2006}, 
volume={53}, 
number={12}, 
pages={2583-2587}, 
keywords={blind source separation;correlation methods;electroencephalography;medical signal processing;muscle;EEG;blind source separation;canonical correlation analysis;electroencephalogram;independent component analysis;low-pass filter;muscle artifact removal;Autocorrelation;Blind source separation;Brain;Cutoff frequency;Electroencephalography;Independent component analysis;Low pass filters;Muscles;Signal analysis;Source separation;Blind source separation;EEG;canonical correlation analysis;muscle artifact removal;Action Potentials;Algorithms;Artifacts;Brain;Diagnosis, Computer-Assisted;Electroencephalography;Electromyography;Epilepsy;Humans;Muscle Contraction;Muscle, Skeletal;Reproducibility of Results;Sensitivity and Specificity;Statistics as Topic}, 
doi={10.1109/TBME.2006.879459}, 
ISSN={0018-9294}, 
month={Nov},}

@article{19,
  title={A real-time QRS detection algorithm},
  author={Pan, Jiapu and Tompkins, Willis J},
  journal={Biomedical Engineering, IEEE Transactions on},
  number={3},
  pages={230--236},
  year={1985},
  publisher={IEEE}
}

@article{20,
  title={Heart rate variability: a review},
  author={Acharya, U Rajendra and Joseph, K Paul and Kannathal, Natarajan and Lim, Choo Min and Suri, Jasjit S},
  journal={Medical and biological engineering and computing},
  volume={44},
  number={12},
  pages={1031--1051},
  year={2006},
  publisher={Springer}
}

@article{21,
  title={Predicting survival in heart failure case and control subjects by use of fully automated methods for deriving nonlinear and conventional indices of heart rate dynamics},
  author={Ho, Kalon KL and Moody, George B and Peng, Chung-Kang and Mietus, Joseph E and Larson, Martin G and Levy, Daniel and Goldberger, Ary L},
  journal={Circulation},
  volume={96},
  number={3},
  pages={842--848},
  year={1997},
  publisher={Am Heart Assoc}
}

@article{22,
  title = {Mosaic organization of DNA nucleotides},
  author = {Peng, C.-K. and Buldyrev, S. V. and Havlin, S. and Simons, M. and Stanley, H. E. and Goldberger, A. L.},
  journal = {Phys. Rev. E},
  volume = {49},
  issue = {2},
  pages = {1685--1689},
  numpages = {0},
  year = {1994},
  month = {Feb},
  publisher = {American Physical Society},
  doi = {10.1103/PhysRevE.49.1685},
  url = {http://link.aps.org/doi/10.1103/PhysRevE.49.1685}
}


@article{23,
 ISSN = {00359238},
 URL = {http://www.jstor.org/stable/2982267},
 author = {E. H. Lloyd},
 journal = {Journal of the Royal Statistical Society. Series A (General)},
 number = {4},
 pages = {591-593},
 publisher = {[Royal Statistical Society, Wiley]},
 reviewed-author = {H. E. Hurst, R. P. Black, Y. M. Simaika},
 volume = {129},
 year = {1966}
}

@inproceedings{24,
  title={Hurst exponent and financial market predictability},
  author={Rasheed, K and Qian, B},
  booktitle={IASTED conference on Financial Engineering and Applications (FEA 2004)},
  pages={203--209},
  year={2004}
}

@article{25,
  title={Determining Lyapunov exponents from a time series},
  author={Wolf, Alan and Swift, Jack B and Swinney, Harry L and Vastano, John A},
  journal={Physica D: Nonlinear Phenomena},
  volume={16},
  number={3},
  pages={285--317},
  year={1985},
  publisher={Elsevier}
}

@article{26,
title = "Measuring the strangeness of strange attractors",
journal = "Physica D: Nonlinear Phenomena",
volume = "9",
number = "1",
pages = "189 - 208",
year = "1983",
note = "",
issn = "0167-2789",
doi = "http://dx.doi.org/10.1016/0167-2789(83)90298-1",
url = "http://www.sciencedirect.com/science/article/pii/0167278983902981",
author = "Peter Grassberger and Itamar Procaccia",

}

@ARTICLE{27, 
author={M. Kobayashi and T. Musha}, 
journal={IEEE Transactions on Biomedical Engineering}, 
title={1/f Fluctuation of Heartbeat Period}, 
year={1982}, 
volume={BME-29}, 
number={6}, 
pages={456-457}, 
keywords={Circuits;Diodes;Electrocardiography;Electrodes;Fluctuations;Frequency;Heart beat;Temperature measurement;Temperature sensors;Voltage;Adult;Heart;Humans;Male;Pulse;Spectrum Analysis}, 
doi={10.1109/TBME.1982.324972}, 
ISSN={0018-9294}, 
month={June},}