

@phdthesis{1,
  author       = {Maria Isabel OSORIO GARCIA}, 
  title        = {ADVANCED SIGNAL PROCESSING FOR
MAGNETIC RESONANCE SPECTROSCOPY,November 2011},
  school       = {KU Leuven},
  year         = 2011,
  address      = {Kasteelpark Arenberg 1/2200, B-3001 Leuven (Belgium)},
  month        = November 
}

@article{2,
 author = {Hermus, Kris and Wambacq, Patrick and Van hamme, Hugo},
 title = {A Review of Signal Subspace Speech Enhancement and Its Application to Noise Robust Speech Recognition},
 journal = {EURASIP J. Appl. Signal Process.},
 issue_date = {1 January 2007},
 volume = {2007},
 number = {1},
 month = jan,
 year = {2007},
 issn = {1110-8657},
 pages = {195--195},
 numpages = {1},
 url = {http://dx.doi.org/10.1155/2007/45821},
 doi = {10.1155/2007/45821},
 acmid = {1289156},
 publisher = {Hindawi Publishing Corp.},
 address = {New York, NY, United States},
} 

@article{3,
  title={A signal subspace approach for speech enhancement},
  author={Ephraim, Yariv and Van Trees, Hany L},
  journal={Speech and Audio Processing, IEEE Transactions on},
  volume={3},
  number={4},
  pages={251--266},
  year={1995},
  publisher={IEEE}
}

@MISC{4,
    author = {Teresa Laudadio and Pieter Pels and Lieven De Lathauwer and Paul Van Hecke and Sabine Van Huffel},
    title = {Tissue Segmentation and Classification of MRSI Data Using Canonical Correlation Analysis},
    year = {}
}

@ARTICLE{5, 
author={Cadzow, James A.}, 
journal={Acoustics, Speech and Signal Processing, IEEE Transactions on}, 
title={Signal enhancement-a composite property mapping algorithm}, 
year={1988}, 
volume={36}, 
number={1}, 
pages={49-62}, 
keywords={convergence;noise;signal processing;composite property mapping algorithm;convergence;noise-contaminated distorted measurements;signal enhancement algorithm;signal properties;Autocorrelation;Convergence;Digital filters;Distortion measurement;Fourier transforms;Noise measurement;Signal mapping;Signal processing;Signal processing algorithms;Signal synthesis}, 
doi={10.1109/29.1488}, 
ISSN={0096-3518}, 
month={Jan},}

@ARTICLE{6, 
author={Hansen, P.C. and Jensen, S.H.}, 
journal={Signal Processing, IEEE Transactions on}, 
title={Prewhitening for rank-deficient noise in subspace methods for noise reduction}, 
year={2005}, 
volume={53}, 
number={10}, 
pages={3718-3726}, 
keywords={covariance matrices;signal processing;singular value decomposition;speech enhancement;covariance matrix;narrowband noise;noise reduction;prewhitening noise;quotient ULV decomposition;rank deficient noise;rank-reduction algorithm;singular value decomposition;speech signal;subspace methods;Covariance matrix;Informatics;Mathematics;Matrix decomposition;Narrowband;Noise reduction;Signal processing;Signal processing algorithms;Singular value decomposition;Speech enhancement;Noise reduction;ULV decomposition;rank deficient noise;singular value decomposition;subspace methods}, 
doi={10.1109/TSP.2005.855110}, 
ISSN={1053-587X}, 
month={Oct},}



@article{7,
title = "Parameter Estimation with Prior Knowledge of Known Signal Poles for the Quantification of \{NMR\} Spectroscopy Data in the Time Domain ",
journal = "Journal of Magnetic Resonance, Series A ",
volume = "119",
number = "2",
pages = "225 - 234",
year = "1996",
note = "",
issn = "1064-1858",
doi = "http://dx.doi.org/10.1006/jmra.1996.0077",
url = "http://www.sciencedirect.com/science/article/pii/S1064185896900777",
author = "Hua Chen and Sabine Van Huffel and Dirk van Ormondt and Ron de Beer"
}


@article{8,
title = "Subspace-based parameter estimation of exponentially damped sinusoids using prior knowledge of frequency and phase ",
journal = "Signal Processing ",
volume = "59",
number = "1",
pages = "129 - 136",
year = "1997",
note = "",
issn = "0165-1684",
doi = "http://dx.doi.org/10.1016/S0165-1684(97)00085-6",
url = "http://www.sciencedirect.com/science/article/pii/S0165168497000856",
author = "Hua Chen and Sabine Van Huffel and Ad van den Boom and Paul van den Bosch",
keywords = "Sinusoid",
keywords = "Exponential",
keywords = "Parameter estimation",
keywords = "Subspace",
keywords = "Prior knowledge",
keywords = "SVD "
}


@ARTICLE{9, 
author={Hua Chen and Van Huffel, S. and Vandewalle, Joos}, 
journal={Signal Processing, IEEE Transactions on}, 
title={Improved methods for exponential parameter estimation in the presence of known poles and noise}, 
year={1997}, 
volume={45}, 
number={5}, 
pages={1390-1393}, 
keywords={least squares approximations;noise;parameter estimation;poles and zeros;prediction theory;signal resolution;spectral analysis;LCTLS-FLP;TLS-FLP;closely spaced sinusoids;exponential parameter estimation;forward linear prediction;linear constraints;noise;parameter accuracy;signal poles;signal resolution;spectral estimation techniques;total least squares;Cepstral analysis;Deconvolution;Entropy;Nuclear magnetic resonance;Parameter estimation;Radar signal processing;Signal processing;Signal processing algorithms;Signal reconstruction;Signal resolution}, 
doi={10.1109/78.575717}, 
ISSN={1053-587X}, 
month={May},}


@INPROCEEDINGS{10, 
author={Hua Chen and Van Huffel, S. and van den Boom, A. and van den Bosch, P.}, 
booktitle={Digital Signal Processing Proceedings, 1997. DSP 97., 1997 13th International Conference on}, 
title={Extended HTLS methods for parameter estimation of multiple data sets modeled as sums of exponentials}, 
year={1997}, 
volume={2}, 
pages={1035-1038 vol.2}, 
keywords={NMR spectroscopy;parameter estimation;signal processing;Kung's method;exponentially damped sinusoid;extended HTLS methods;multiple data sets;multiple signals;nuclear magnetic resonance spectroscopy;simulation;single signal;subspace-based parameter estimation;sums of exponentials;Data engineering;Laboratories;Least squares approximation;Magnetic noise;Matrix decomposition;Noise measurement;Nuclear magnetic resonance;Parameter estimation;Signal resolution;Spectroscopy}, 
doi={10.1109/ICDSP.1997.628541}, 
month={Jul},}


@article{11,
  title={Enhanced resolution based on minimum variance estimation and exponential data modeling},
  author={Van Huffel, Sabine},
  journal={Signal processing},
  volume={33},
  number={3},
  pages={333--355},
  year={1993},
  publisher={Elsevier}
}




@article{13,
  title={Spatial localization in nuclear magnetic resonance spectroscopy},
  author={Keevil, Stephen F},
  journal={Physics in medicine and biology},
  volume={51},
  number={16},
  pages={R579},
  year={2006},
  publisher={IOP Publishing}
}


@article{14,
  title={Detection and multichannel SVD-based filtering of trigeminal somatosensory evoked potentials},
  author={Swinnen, A and Van Huffel, Sabine and Van Loven, Karen and Jacobs, Reinhilde},
  journal={Medical and Biological Engineering and Computing},
  volume={38},
  number={3},
  pages={297--305},
  year={2000},
  publisher={Springer}
}


@ARTICLE{15, 
author={W. De Clercq and B. Vanrumste and J. M. Papy and W. Van Paesschen and S. Van Huffel}, 
journal={IEEE Transactions on Biomedical Engineering}, 
title={Modeling common dynamics in multichannel signals with applications to artifact and background removal in EEG recordings}, 
year={2005}, 
volume={52}, 
number={12}, 
pages={2006-2015}, 
keywords={electroencephalography;medical signal processing;muscle;physiological models;principal component analysis;artifact removal;background removal;electroencephalography;epileptiform activity;multichannel ictal EEG;multichannel interictal EEG;multichannel signals;muscle artifact;principal component analysis;signal processing;subspace-based method;Brain modeling;Electrodes;Electroencephalography;Epilepsy;Muscles;Noise level;Pollution measurement;Principal component analysis;Signal processing;Time measurement;Artifact removal;background EEG removal;common dynamics;exponentially damped sinusoids;ictal and interictal EEG;singular value decomposition;subspace based;Action Potentials;Algorithms;Artifacts;Brain;Computer Simulation;Diagnosis, Computer-Assisted;Electroencephalography;Epilepsy;Humans;Models, Neurological;Muscle, Skeletal;Signal Processing, Computer-Assisted}, 
doi={10.1109/TBME.2005.857669}, 
ISSN={0018-9294}, 
month={Dec},}