@article{1,
  title={Magnesium and blood pressure: review of the epidemiologic and clinical trial experience},
  author={Whelton, Paul K and Klag, Michael J},
  journal={The American journal of cardiology},
  volume={63},
  number={14},
  pages={G26--G30},
  year={1989},
  publisher={Elsevier}
}

@article{2,
  title={Review paper: oxidative stress evaluation in diabetes},
  author={Mercuri, Franceschina and Quagliaro, Lisa and Ceriello, Antonio},
  journal={Diabetes technology \& therapeutics},
  volume={2},
  number={4},
  pages={589--600},
  year={2000},
  publisher={Mary Ann Liebert, Inc.}
}

@article{3,
  title={SIGNAL PROCESSING FOR MONITORING CEREBRAL HEMODYNAMICS IN NEONATES},
  author={Dorado, Alexander Caicedo},
  year={2013}
}


@online{4,  
    title={Medical procesing company},
    author={Zaid Hamed},
    url       = "http://www.prediktor.no/l",
    keywords  = "BioImpedance,NIRS"
}


@article{5,
  title={Mining the ECG: Algorithms and Applications},
  author={Varon Perez, Jenny Carolina},
  year={2015}
}